%%% ARTICLES

%% CAP0

@misc{misc/wikipedia/formallanguaje,
  title =	"Formal language",
  author =	"WikipediaEN",
  year = 	"2011",
  howpublished = "\href{http://en.wikipedia.org/wiki/Formal_language}{http://en.wikipedia.org/}"
}

@misc{misc/wikipedia/chomskyhierarchy,
  title =	"Chomsky hierarchy",
  author =	"WikipediaEN",
  year = 	"2011",
  howpublished = "\href{http://en.wikipedia.org/wiki/Chomsky%E2%80%93Sch%C3%BCtzenberger_hierarchy}{http://en.wikipedia.org/}"
}


@misc{misc/wikipedia/onrestrictedgrammar,
  title =	"Unrestricted grammar",
  author =	"WikipediaEN",
  year = 	"2011",
  howpublished = "\href{http://en.wikipedia.org/wiki/Unrestricted_grammar}{http://en.wikipedia.org/}"
}

@misc{misc/wikipedia/contextsensitivegrammar,
  title =	"Context-sensitive grammar",
  author =	"WikipediaEN",
  year = 	"2011",
  howpublished = "\href{http://en.wikipedia.org/wiki/Context-sensitive_grammar}{http://en.wikipedia.org/}"
}

@misc{misc/wikipedia/contextfreegrammar,
  title =	"Context-free grammar",
  author =	"WikipediaEN",
  year = 	"2011",
  howpublished = "\href{http://en.wikipedia.org/wiki/Context-free_grammar}{http://en.wikipedia.org/}"
}

@misc{misc/wikipedia/regulargrammar,
  title =	"Regular grammar",
  author =	"WikipediaEN",
  year = 	"2011",
  howpublished = "\href{http://en.wikipedia.org/wiki/Regular_grammar}{http://en.wikipedia.org/}"
}

@misc{misc/wikipedia/turbopascal,
  title =	"Turbo {P}ascal",
  author =	"WikipediaEN",
  year = 	"2011",
  howpublished = "\href{http://en.wikipedia.org/wiki/Turbo_Pascal}{http://en.wikipedia.org/}"
}

@article{article/chomsky/ocfpog,
  author = 	 {Noam Chomsky},
  title = 	 {On {C}ertain {F}ormal {P}roperties of {G}rammars*},
  journal =      {Information and Control Volume 2, Issue 2, June 1959, Pages 137-167},
  year = 	 {June 1959},
  url =          {http://www.diku.dk/hjemmesider/ansatte/henglein/papers/chomsky1959.pdf}
}

%% CAP1

%% CAP2

@article{ibd,
  author = 	 {Zarko Gajic},
  title = 	 {Introducing {B}orland {D}elphi},
  howpublished = {http://delphi.about.com/od/beginners/l/aa031202a.htm},
  year = 	 {Abril 2010},
  journal=	 {Wath?},
  url =          {http://delphi.about.com/od/beginners/l/aa031202a.htm}
}

@article{ppl,
  author = 	 {Francis D' Cruze},
  title = 	 {Pascal {P}rogramming {L}anguage},
  journal=	 {Wath?},
  year = 	 {2010},
  howpublished = {http://www.computinghistorymuseum.org/teaching/papers/research/pascal_progamming_language_DCruze.pdf},
  url =          {http://www.computinghistorymuseum.org/teaching/papers/research/pascal_progamming_language_DCruze.pdf}
}


}
@article{article/iso/fortran66,
  author = 	 {American National Standar},
  title = 	 {{FORTRAN} 66 ({USA S}tandar {FORTRAN})},
  journal=	 {American National Standar},
  year = 	 {March 7, 1966}
}

@article{article/iso/fortran2003,
  author = 	 {ISO/IEC},
  title = 	 {{F}ortran {ISO} 2003 ({ISO/IEC DIS} 1539-1:2004)},
  journal=	 {ISO/IEC},
  year = 	 {2004}
}

@article{article/iso/fortran2008,
  author = 	 {ISO/IEC},
  title = 	 {{F}ortran {ISO} 2008 ({ISO/IEC} 1539-1:2010)},
  journal=	 {ISO/IEC},
  year = 	 {2010}
}

@article{article/iso/piso7185,
  author = 	 {ISO/IEC},
  title = 	 {{P}ascal {ISO} 90 ({ISO/IEC} 7185:1990)},
  journal=	 {ISO/IEC},
  year = 	 {1991}
}

@article{article/pascal/tplp,
  author = 	 {Nickaus Wirth},
  title = 	 {The {P}rogramming {L}anguage {P}ascal},
  year = 	 {1971},
  journal=	 {Acta Informatica Volume 1, Number 1, 35-63, DOI: 10.1007/BF00264291},
  howpublished = "\href{http://www-sst.informatik.tu-cottbus.de/~db/doc/People/Broy/Software-Pioneers/Wirth_hist.pdf}{http://www-sst.informatik.tu-cottbus.de/}"
}

@article{article/algol/ralgol60,
  author = 	 {J. W. Backus et al},
  title = 	 {Report on the algorithmic language {ALGOL} 60},
  year = 	 {1960},
  journal=	 {Numerische Mathematik Volume 2, Number 1, 106-136, DOI: 10.1007/BF01386216},
  howpublished = "\href{http://www.cse.msu.edu/~stire/cse891/naurAlgol60.pdf}{http://www.cse.msu.edu/}"
}



@article{article/modula/modula2,
  author = 	 {Nickaus Wirth},
  title = 	 {Modula-2},
  year = 	 {1980},
  journal=	 {Institut für Informatik ETH Zürich Technical Report 36},
  howpublished = "\href{http://www-sst.informatik.tu-cottbus.de/~db/doc/People/Broy/Software-Pioneers/Wirth_hist.pdf}{http://www-sst.informatik.tu-cottbus.de/}"
}

@article{Stallman:1985:GM,
  author =       "Richard Stallman",
  title =        "The {GNU} Manifesto",
  journal =      "j-DDJ",
  volume =       "10",
  number =       "3",
  pages =        "30--??",
  month =        "mar",
  year =         "1985",
  CODEN =        "DDJOEB",
  ISSN =         "1044-789X",
  bibdate =      "Mon Sep 2 09:09:39 MDT 1996",
  bibsource =    "http://www.ddj.com/index/author/index.htm"
}

%%% BOOKS

%% CAP 2

@book{book/pascal/peapascal,
  author = 	 {Jos\'e Mar\'ia Vall y David Camacho},
  title = 	 {Programaci\'on Estructurada y Algoritmos en Pascal},
  year = 	 {2004},
  publisher=	 {Pearson}
}

@book{book/pascal/daytpp,
  author = 	 {Cristóbal Pareja et al.},
  title = 	 {Desarrollo de Algoritmos y Técnicas de Programación en Pascal},
  year = 	 {Octubre 1997},
  publisher=	 {Ra-Ma}
}

@Book{tdgtgcc,
  author = 	 {William von Hagen},
  title = 	 {The Definitive Guide to GCC},
  year = 	 {2006},
  ISBN = 	 {1590595858},
  publisher=	 {Apress}
}

@Article{aalp,
  author = 	 {Miguel \'Angel Quintans Rojo},
  title = 	 {Apuntes de la asignatura: {L}enguajes de {P}rogramaci\'on},
  year = 	 {2010},
  journal=	 {Ingenier\'ia T\'ecnica en Inform\'atica de Gesti\'on. Universidad de Alcal\'a}
}
@Book{cptt,
  author = 	 {Alfred V. Aho et al},
  title = 	 {Compilers: Principles, Techniques and Tools 2ed},
  year = 	 {2007},
  ISBN = 	 {},
  publisher=	 {Pearson Education}
}

@book{book/compilers/es/cptt,
  author = 	 {Alfred V. Aho et al},
  title = 	 {Compiladores: Principios, Técnicas y Herramientas 2ed},
  year = 	 {2007},
  ISBN = 	 {},
  publisher=	 {Pearson Education}
}

@book{book/pascal/itpsd,
  author = 	 {Neil Dale and Chip Weems},
  title = 	 {Introduction to Pascal Structure Desing 2ed},
  year = 	 {1987},
  ISBN = 	 {},
  publisher=	 {Hearth and Company}
}

@book{book/mdysa,
  author = 	 {Kenneth H. Rosen},
  title = 	 {Matem\'atica Discreta y sus Aplicaciones 5ed},
  year = 	 {2004},
  ISBN = 	 {},
  publisher=	 {Mc Graw Hill}
}

@book{book/alygc,
  author = 	 {Juan de Burgos},
  title = 	 {\'Algebra Lineal y Geometr\'ia Cartesiana 3ed},
  year = 	 {2006},
  ISBN = 	 {},
  publisher=	 {Mc Graw Hill}
}

@book{book/oberon/tplo,
  author = 	 {Nickaus Wirth},
  title = 	 {The programming language {O}beron},
  year = 	 {July 1988},
  publisher=	 {Software: Practice and Experience Volume 18, Issue 7, pages 671–690}
}

@misc{misc/wikipedia/algol58,
  title =	"Algol 58",
  author =	"WikipediaEN",
  year = 	"2011",
  howpublished = "\href{http://en.wikipedia.org/wiki/ALGOL_58}{http://en.wikipedia.org/}"
}

@misc{misc/wikipedia/algol60,
  title =	"Algol 60",
  author =	"WikipediaEN",
  year = 	"2011",
  howpublished = "\href{http://en.wikipedia.org/wiki/ALGOL_60}{http://en.wikipedia.org/}"
}

@misc{misc/wikipedia/algolw,
  title =	"Algol {W}",
  author =	"WikipediaEN",
  year = 	"2011",
  howpublished = "\href{http://en.wikipedia.org/wiki/ALGOL_W}{http://en.wikipedia.org/}"
}
@book{book/gnu/gpc,
  author = 	 {Jan-Jaap van der Heijden et al.},
  title = 	 {The GNU Pascal Manual},
  year = 	 {2005},
  publisher=	 {GPC Web}
}

%%% misc

%% CAP2

@misc{misc/www/fortranhistory,
  title =	" A {B}rief {H}istory of {FORTRAN}/{F}ortran",
  author =	"ibiblio.org",
  year = 	"2011",
  howpublished = "\href{http://www.ibiblio.org/pub/languages/fortran/ch1-1.html}{http://www.ibiblio.org/}"
}


@misc{misc/www/ruddCanaday,
  title =	"About {RHC} {S}oftware",
  author =	"rhcsoftware.com",
  year = 	"2012",
  howpublished = "\href{http://www.rhcsoftware.com/culture.html}{http://www.rhcsoftware.com/}"
}

@misc{misc/www/dVennPSTricks,
  title =	"{V}enn {D}iagram for {PST}ricks ({V}ersion 13)",
  author =	"Chi Woo, J. Pahikkala, Warren Buck",
  year = 	"2012",
  howpublished = "\href{http://planetmath.org/?op=getobj;from=objects;id=10215}{PlanetMath.org}"
}

@book{dpp,
	author={Ricardo Pe{\~n}a Mar\'i},
	title={Dise\~{n}o de Programas. Formalismos y Abstracci\'on},
	publisher={Pearson},
	year=2004}
}
@BOOK{aho,
	author={Alfred V. Aho, John E. Hopcroft and Jefrey D. Ullman},
	title={Estructuras de datos y algoritmos},
	publisher={Pearson},
	year=1998}
}


@book{book/linux/plka,
  author = 	 {Wolfgang Mauerer},
  title = 	 {Professional Linux{\textregistered} Kernel Architecture},
  year = 	 {2008},
  publisher=	 {Wiley Plublishing, Inc}
}

@book{book/linux/tdouos,
  author = 	 {Maurice J. Bach},
  title = 	 {The Desing of the Unix Operating System},
  year = 	 {1986},
  publisher=	 {Prentice/Hall International, Inc}
}

@book{book/linux/tdifos,
  author = 	 {Marshall Kirk Mckusick and George V. Neville-Neil},
  title = 	 {The Desing and Implementation of the FreeBSD Operating System},
  year = 	 {2005},
  publisher=	 {Addison-Wesley}
}

@book{book/unix/epunix,
  author = 	 {Brian W. Kerninghan and Rob Pike},
  title = 	 {El Entorno de Programación UNIX},
  year = 	 {1987},
  publisher=	 {Prentice-Hall}
}

@book{book/unix/unixitnf,
  author = 	 {Uresh Vahalia},
  title = 	 {UNIX Internals: The New Frontiers},
  year = 	 {1996},
  publisher=	 {Prentice-Hall}
}

@book{book/oberon/po,
  author = 	 {N. Wirth and J. Gutknecht},
  title = 	 {Project Oberon - The Design of an Operating System and Compiler},
  year = 	 {2005},
  publisher=	 {Addison-Wesley}
}

%%% 

@book{book/es/calculo/jBurgos,
  author = 	 {Juan de Burgos},
  title = 	 {Calculo Infinitesimal de una Variable 2ed},
  year = 	 {1996},
  ISBN = 	 {},
  publisher=	 {Mc Graw Hill}
}

@book{mera,
	author={F\'elix Garc\'ia Merayo},
	title={Matem\'atica Discreta},
	publisher={Thomson},
	year=2005}
}

@book{book/es/matematicaDiscreta/fMerayo,
	author={F\'elix Garc\'ia Merayo},
	title={Matem\'atica Discreta},
	publisher={Thomson},
	year=2005}
}


